<record><leader>00000cas a2200000 a 4500</leader><controlfield tag="001">11441575</controlfield><controlfield tag="008">841201d19761977hiusx ne      0    0eng d</controlfield><controlfield tag="009">1918</controlfield><datafield ind1=" " ind2=" " tag="010"><subfield code="a">sn 84045351 </subfield></datafield><datafield ind1=" " ind2=" " tag="040"><subfield code="a">HUH</subfield><subfield code="b">eng</subfield><subfield code="c">HUH</subfield><subfield code="d">HWN</subfield><subfield code="d">OCL</subfield></datafield><datafield ind1=" " ind2=" " tag="042"><subfield code="a">msc</subfield></datafield><datafield ind1=" " ind2=" " tag="043"><subfield code="a">n-us-hi</subfield></datafield><datafield ind1=" " ind2=" " tag="090"><subfield code="a">AN2</subfield><subfield code="b">.W35</subfield></datafield><datafield ind1="0" ind2="0" tag="245"><subfield code="a">Waimea mercury.</subfield></datafield><datafield ind1=" " ind2=" " tag="260"><subfield code="a">Hilo, Hi. :</subfield><subfield code="b">The Waimea Mercury,</subfield><subfield code="c">1976-1977.</subfield></datafield><datafield ind1=" " ind2=" " tag="300"><subfield code="a">2 v. :</subfield><subfield code="b">ill. ;</subfield><subfield code="c">41 cm.</subfield></datafield><datafield ind1=" " ind2=" " tag="310"><subfield code="a">Semimonthly (varies)</subfield></datafield><datafield ind1="0" ind2=" " tag="362"><subfield code="a">76-1 (Apr. 30, 1976)-77-2 (Dec. [i.e. Feb.] 1, 1977).</subfield></datafield><datafield ind1=" " ind2=" " tag="515"><subfield code="a">Irregularities in numbering.</subfield></datafield><datafield ind1=" " ind2="0" tag="651"><subfield code="a">Waimea (Hawaii)</subfield><subfield code="v">Periodicals.</subfield></datafield><datafield ind1=" " ind2=" " tag="752"><subfield code="a">United States</subfield><subfield code="b">Hawaii</subfield><subfield code="c">Hawaii</subfield><subfield code="d">Waimea.</subfield></datafield><datafield ind1="0" ind2="0" tag="785"><subfield code="t">Mercury (Hilo, Hawaii)</subfield><subfield code="w">(DLC)sn 84045352</subfield><subfield code="w">(OCoLC)11441588</subfield></datafield></record>